@book{abu2012learning,
  title={Learning from data},
  author={Abu-Mostafa, Yaser S and Magdon-Ismail, Malik and Lin, Hsuan-Tien},
  volume={4},
  year={2012},
  publisher={AMLBook Singapore}
}

@article{cfrs,
 author = {Ekstrand, Michael D. and Riedl, John T. and Konstan, Joseph A.},
 title = {Collaborative Filtering Recommender Systems},
 journal = {Found. Trends Hum.-Comput. Interact.},
 issue_date = {February 2011},
 volume = {4},
 number = {2},
 month = feb,
 year = {2011},
 issn = {1551-3955},
 pages = {81--173},
 numpages = {93},
 url = {http://dx.doi.org/10.1561/1100000009},
 doi = {10.1561/1100000009},
 acmid = {2185828},
 publisher = {Now Publishers Inc.},
 address = {Hanover, MA, USA},
}
